<?xml version="1.0" encoding="UTF-8"?><collection xmlns="http://www.loc.gov/MARC21/slim"><record><leader>00436nam--2200145-i-4500</leader><controlfield tag="001">000041070</controlfield><controlfield tag="002">20161230</controlfield><controlfield tag="005">20161230201043</controlfield><controlfield tag="008">060222s1000------------r-----000-0-eng-d</controlfield><datafield ind1=" " ind2=" " tag="080"><subfield code="a">531(047.1):533.9(047.1)</subfield></datafield><datafield ind1=" " ind2=" " tag="100"><subfield code="a">Sellmeier,F.J.,Cap,F.F.,Floriani,D</subfield></datafield><datafield ind1=" " ind2=" " tag="245"><subfield code="a">Strongly nonlinear weakly dissipative parametric oscillations</subfield></datafield><datafield ind1=" " ind2=" " tag="260"><subfield code="a">Insbruk, Inst.For Theoretical Kph.,1973. 94 P</subfield></datafield><datafield ind1=" " ind2=" " tag="490"><subfield code="a">Scientific Report</subfield></datafield><datafield ind1=" " ind2=" " tag="852"><subfield code="a">39772</subfield></datafield></record></collection>